<!DOCTYPE html PUBLIC "-//W3C//DTD XHTML 1.0 Strict//EN" "http://www.w3.org/TR/xhtml1/DTD/xhtml1-strict.dtd">

<!doctype html>
<html>
<head>
	<title>Ledai porcijomis | ledai</title>
	<meta charset="utf-8">
<meta name="description" content="Ledai porcijomis" />
<meta name="keywords" content="Ledai porcijomis" />
	<meta name="author" content="codetomake.com">
	<link type="text/css" rel="stylesheet" href="css/style.css">
	<link rel="stylesheet" href="css/font-awesome-4.7.0/css/font-awesome.min.css">
	
	
</head>
<body  id="C1s2RgoGz">
<header class="header"  id="uSgtDV5ct">
<div class="top"  id="ZmoYZuX6">

<div class="social">
	<a href="#"><i class="fa fa-facebook-square fa-2x" aria-hidden="true" id="oHsHdFh4Emwhaut"></i></a>
	<a href="#"><i class="fa fa-twitter-square fa-2x" aria-hidden="true" id="pQEYmkEN"></i></a>
	<a href="#"><i class="fa fa-pinterest-square fa-2x" aria-hidden="true" id="rXrTjivkVHmHmH4"></i></a>
	<a href="#"><i class="fa fa-google-plus-square fa-2x" aria-hidden="true" id="16OwvX71ZAQETVY"></i></a>
	<a href="#"><i class="fa fa-linkedin-square fa-2x" aria-hidden="true" id="Jt7xyEt"></i></a>
</div>

<div class="search"  id="6aIGRqpSRQfsw">
<form method="post"  id="Hx3DdgrOrEmY">
<input type="text" name="keyword" placeholder="Search...">
<input type="submit" value="search">
</form>
</div>

</div>
<div class="head" id="dELXg5WpE">
<a href="#" class="logo" alt="codetomake.com" title="codetomake.com">
<em>Codetomake.com</em>
</a>

<img src="img/banner-468-60.jpg" width="468" height="60" alt="codetomake.com" title="codetomake.com">

</div>
<nav id="Q4wFpqfTx6">
	<ul>
		<li id="7AFe2Js3G"><a href="index.html" class="active">Home</a></li>
		<li id="tsoCUFq"><a href="#">Portfolio</a></li>
		<li id="CissBo5pn7kjhk"><a href="#">Articles</a></li>
		<li id="NqGvcVloA"><a href="terms.html">Terms and Conditions</a></li>
		<li id="SsMXUTkdEiRWru"><a href="photo.html">Photo gallery</a></li>
		<li id="kgHOSVBNh"><a href="contact.html">Contacts</a></li>
		<li id="X7SHEFmuuUGoG"><a href="privacy-policy.html">Privacy policy</a></li>
	</ul>
</nav>
</header>

<section class="slider">
<div class="inner" id="1LKaooZx7wG7x1O">
<img src="img/slider1.jpg" width="960" height="171">
</div>
</section>

<div class="main" id="fjs4pfOkwgWnn">
<section class="col-main">
<h1 id="VDnAHUwShCic5D">Ledai porcijomis</h1> 2020.10.29 08:57

<p>

				<center><img src="img/0636f6dacc68cf4d6e5eab2b21136229.jpg" width="50%"   id="yYZHDlpg4vT"></center><br><br><span> Informuojame, kad šioje svetainėje yra naudojami slapukai (angl. cookies). Toliau naršydami svetainėje arba paspausdami mygtuką Sutinku Jūs sutinkate su slapukų naudojimu. Savo duotą sutikimą bet kada galėsite atšaukti pakeisdami savo interneto naršyklės nustatymus ir ištrindami įrašytus slapukus. Daugiau informacijos apie slapukus galite rasti čia . </span> Sutinku Keisti apskritį <span> Parsisiųskite</span> Lietuvių English Русский Registruotis Prisijungti Prisijungti Registruotis <p> Sveiki, ačiū, kad vėl pas mus užsukote!</p> <p> Caps Lock yra įjungtas<p> (8 5) 230 9309 Prekės Mano prekės Akcijos Eko ir ūkis Naujienos Receptai Daržovės ir vaisiai Pieno gaminiai ir kiaušiniai Duonos gaminiai ir konditerija Mėsa, žuvys ir kulinarija Bakalėja Šaldytas maistas Gėrimai Kūdikių ir vaikų prekės Kosmetika ir higiena Švaros ir gyvūnų prekės Namai ir laisvalaikis <span> Pagrindinis puslapis </span> <span> Šaldytas maistas </span> <span> Ledai ir ledo kubeliai </span> <span> Ledai porcijomis </span> (8 5) 230 9309 Kasdien nuo 8 iki 21 val. El. p.: pagalba@barbora.lt Ledai ir ledo kubeliai <span> 211</span> Ledai porcijomis <span> 126</span> 1 2 3 Filtruoti Rūšiuoti pagal: Abėcėlę (A-Ž) Abėcėlę (Ž-A) Kainą (didėj.) Kainą (mažėj.) Be Akcijos Akcijines kainas <span> Vanilės skonio valgomieji ledai su vafliu, 82 g</span> <span> €0,29 </span> €3,54/kg Vanilės skonio valgomieji ledai su vafliu, 82 g <span> KARTU REKOMENDUOJAME</span> <span> </span> <span> Šokolad.sk ledai MELTEZ vafliniame kūgyje su šok. įd., 120 g</span> <span> €0,45 </span> €3,75/kg Šokolad.sk ledai MELTEZ vafliniame kūgyje su šok. įd., 120 g <span> KARTU REKOMENDUOJAME</span> <span> </span> <span> Krembriulės skonio valgomieji ledai su vafliu, 82 g</span> <span> €0,29 </span> €3,54/kg Krembriulės skonio valgomieji ledai su vafliu, 82 g <span> KARTU REKOMENDUOJAME</span> <span> </span> <span> Vanil.valg.ledai PASAKA su belgišku šokoladu ir avietėmis, 102 ml</span> <span> €1,19 </span> €11,67/l Vanil.valg.ledai PASAKA su belgišku šokoladu ir avietėmis, 102 ml <span> KARTU REKOMENDUOJAME</span> <span> </span> <span> Glaistytas vanilės sk.plombyras DADU su saldikliais, 45 g</span> <span> €0,72 </span> €16,00/kg Glaistytas vanilės sk.plombyras DADU su saldikliais, 45 g <span> KARTU REKOMENDUOJAME</span> <span> </span> <span> Vanil.valg.ledai PASAKA su belgišku šokoladu ir migdolais, 102 ml</span> <span> €1,19 </span> €11,67/l Vanil.valg.ledai PASAKA su belgišku šokoladu ir migdolais, 102 ml <span> KARTU REKOMENDUOJAME</span> <span> </span> <span> Grietininiai ledai PASAKA su pistacijomis ir migdolų gabal., 150 ml</span> <span> €1,59 </span> €10,60/l Grietininiai ledai PASAKA su pistacijomis ir migdolų gabal., 150 ml <span> KARTU REKOMENDUOJAME</span> <span> </span> <span> Vanilinis plombyras ragelyje POLS, 90 g</span> €1,49 <span> €0,82 </span> €9,11/kg <span> -45%</span> Vanilinis plombyras ragelyje POLS, 90 g <span> KARTU REKOMENDUOJAME</span> <span> </span> <span> Kramtomosios gumos skonio valgomieji ledai POLS, 90 g</span> €1,49 <span> €0,82 </span> €9,11/kg <span> -45%</span> Kramtomosios gumos skonio valgomieji ledai POLS, 90 g <span> KARTU REKOMENDUOJAME</span> <span> </span> <span> Grietininiai ledai su smulkintais migdolais MELTEZ ROYALLER, 150 ml</span> <span> €0,59 </span> €3,93/l Grietininiai ledai su smulkintais migdolais MELTEZ ROYALLER, 150 ml <span> KARTU REKOMENDUOJAME</span> <span> </span> <span> Glaistyti vanilės sk. avižų ledai DADU, 60 ml</span> <span> €0,72 </span> €12,00/l Glaistyti vanilės sk. avižų ledai DADU, 60 ml <span> KARTU REKOMENDUOJAME</span> <span> </span> <span> Vaniliniai ledai PASAKA su figų įdaru ir vaflių traškučiais, 150 ml</span> <span> €1,29 </span> €8,60/l Vaniliniai ledai PASAKA su figų įdaru ir vaflių traškučiais, 150 ml <span> KARTU REKOMENDUOJAME</span> <span> </span> <span> Sojų ledai VALSOIA su glaistu, 120 ml</span> <span> €1,59 </span> €13,25/l Sojų ledai VALSOIA su glaistu, 120 ml <span> KARTU REKOMENDUOJAME</span> <span> </span> <span> Kanapių ledai su imbierų įdaru SUPER VIVA, 103 g</span> <span> €1,59 </span> €15,44/kg Kanapių ledai su imbierų įdaru SUPER VIVA, 103 g <span> KARTU REKOMENDUOJAME</span> <span> </span> <span> Glaistytas vanilės skonio plombyras DADU be laktozės, 45 g</span> <span> €0,72 </span> €16,00/kg Glaistytas vanilės skonio plombyras DADU be laktozės, 45 g <span> KARTU REKOMENDUOJAME</span> <span> </span> <span> Vaniliniai valg.ryžių ledai CHOICE su šokolado sk.glaistu, 100 g</span> <span> €1,45 </span> €14,50/kg Vaniliniai valg.ryžių ledai CHOICE su šokolado sk.glaistu, 100 g <span> KARTU REKOMENDUOJAME</span> <span> </span> <span> Vanilės sk. plombyras MELTEZ su miško uogų įdaru, 120 g</span> <span> €0,45 </span> €3,75/kg Vanilės sk. plombyras MELTEZ su miško uogų įdaru, 120 g <span> KARTU REKOMENDUOJAME</span> <span> </span> <span> Juodųjų serbentų ir melionų šerbetas MELTEZ ROYALLER, 120 ml</span> <span> €0,29 </span> €2,42/l Juodųjų serbentų ir melionų šerbetas MELTEZ ROYALLER, 120 ml <span> KARTU REKOMENDUOJAME</span> <span> </span> <span> Glaistytas vanilinis plombyras NYKŠTUKAS, 52 ml</span> <span> €0,45 </span> €8,65/l Glaistytas vanilinis plombyras NYKŠTUKAS, 52 ml <span> KARTU REKOMENDUOJAME</span> <span> </span> <span> Grietininiai ledai PASAKA su pistacijomis, 102 ml</span> <span> €1,49 </span> €14,61/l Grietininiai ledai PASAKA su pistacijomis, 102 ml <span> KARTU REKOMENDUOJAME</span> <span> </span> <span> Karamelės skonio ledai SUPER VIVA su riešutų įdaru, 97 g</span> <span> €1,05 </span> €10,82/kg Karamelės skonio ledai SUPER VIVA su riešutų įdaru, 97 g <span> KARTU REKOMENDUOJAME</span> <span> </span> <span> Valgomieji ledai SNICKERS ant pagaliuko, 73,5 g</span> <span> €1,49 </span> €20,27/kg Valgomieji ledai SNICKERS ant pagaliuko, 73,5 g <span> KARTU REKOMENDUOJAME</span> <span> </span> <span> Vanilės sk. ledai AURUM su sūrios kar. įd. ir kar. migdolais, 150 ml</span> <span> €1,09 </span> €7,27/l Vanilės sk. ledai AURUM su sūrios kar. įd. ir kar. migdolais, 150 ml <span> KARTU REKOMENDUOJAME</span> <span> </span> <span> Vanilės skonio ledai SUPER VIVA JAM su braškių įdaru, 100 g</span> <span> €1,05 </span> €10,50/kg Vanilės skonio ledai SUPER VIVA JAM su braškių įdaru, 100 g <span> KARTU REKOMENDUOJAME</span> <span> </span> <span> Ledai COCONUT BINDI, 140 g</span> <span> €2,99 </span> €21,36/kg Ledai COCONUT BINDI, 140 g <span> KARTU REKOMENDUOJAME</span> <span> </span> <span> Karamelės sk.sojų valg.ledai CHOICE TOFEE su karamelės įd., 100 g</span> <span> €1,45 </span> €14,50/kg Karamelės sk.sojų valg.ledai CHOICE TOFEE su karamelės įd., 100 g <span> KARTU REKOMENDUOJAME</span> <span> </span> <span> Šerbetas LIMONE BINDI, 100 g</span> <span> €2,99 </span> €29,90/kg Šerbetas LIMONE BINDI, 100 g <span> KARTU REKOMENDUOJAME</span> <span> </span> <span> Vanilinis plombyras BALTOJI VARNELĖ, 120 ml</span> <span> €0,69 </span> €5,75/l Vanilinis plombyras BALTOJI VARNELĖ, 120 ml <span> KARTU REKOMENDUOJAME</span> <span> </span> <span> Glaist. vanil. plombyras MELTEZ su riešutais, 73 g</span> <span> €0,39 </span> €5,34/kg Glaist. vanil. plombyras MELTEZ su riešutais, 73 g <span> KARTU REKOMENDUOJAME</span> <span> </span> <span> Ledai ŽALGIRIS su kivių ir kriaušių įdaru, 150 ml</span> <span> €1,39 </span> €9,27/l Ledai ŽALGIRIS su kivių ir kriaušių įdaru, 150 ml <span> KARTU REKOMENDUOJAME</span> <span> </span> <span> Vaniliniai ledai BALTIJA VANILLA su šok. glaistu ir riešut., 95 g</span> <span> €1,33 </span> €14,00/kg Vaniliniai ledai BALTIJA VANILLA su šok. glaistu ir riešut., 95 g <span> KARTU REKOMENDUOJAME</span> <span> </span> <span> Glaistytas vanilinis plombyras NYKŠTUKAS su migdolais, 80 ml</span> <span> €0,65 </span> €8,13/l Glaistytas vanilinis plombyras NYKŠTUKAS su migdolais, 80 ml <span> KARTU REKOMENDUOJAME</span> <span> </span> <span> Glaistytas vanilinis plombyras NYKŠTUKAS, 80 ml</span> <span> €0,65 </span> €8,13/l Glaistytas vanilinis plombyras NYKŠTUKAS, 80 ml <span> KARTU REKOMENDUOJAME</span> <span> </span> <span> Vanilės skonio plombyras DADU, 65 g</span> <span> €0,69 </span> €10,62/kg Vanilės skonio plombyras DADU, 65 g <span> KARTU REKOMENDUOJAME</span> <span> </span> <span> Klasikiniai grietininiai ledai POLS, 120 ml</span> €0,85 <span> €0,47 </span> €3,91/l <span> -45%</span> Klasikiniai grietininiai ledai POLS, 120 ml <span> KARTU REKOMENDUOJAME</span> <span> </span> <span> Įvairių vaisių ir uogų ledai JOCKER JUICE, 80 g</span> <span> €0,69 </span> €8,63/kg Įvairių vaisių ir uogų ledai JOCKER JUICE, 80 g <span> KARTU REKOMENDUOJAME</span> <span> </span> <span> Šokoladinis plombyras DADU su šokolado gabaliukais, 65 g</span> <span> €0,69 </span> €10,62/kg Šokoladinis plombyras DADU su šokolado gabaliukais, 65 g <span> KARTU REKOMENDUOJAME</span> <span> </span> <span> Glaistytas braškinis plombyras NYKŠTUKAS, 80 ml</span> <span> €0,65 </span> €8,13/l Glaistytas braškinis plombyras NYKŠTUKAS, 80 ml <span> KARTU REKOMENDUOJAME</span> <span> </span> <span> Kokosiniai griet. ledai NYKŠTUKAS su pieniniu gl. ir migd., 80 ml</span> <span> €0,69 </span> €8,63/l Kokosiniai griet. ledai NYKŠTUKAS su pieniniu gl. ir migd., 80 ml <span> KARTU REKOMENDUOJAME</span> <span> </span> <span> Glaistytas vanilinis plombyras POLS, 120 ml</span> €0,85 <span> €0,47 </span> €3,91/l <span> -45%</span> Glaistytas vanilinis plombyras POLS, 120 ml <span> KARTU REKOMENDUOJAME</span> <span> </span> <span> Vanilės sk. griet. ledai SUPER VIVA STRACCIATELLA, 102 g</span> <span> €1,39 </span> €13,63/kg Vanilės sk. griet. ledai SUPER VIVA STRACCIATELLA, 102 g <span> KARTU REKOMENDUOJAME</span> <span> </span> <span> Vanilės skonio ledų ragelis MIO DELIZZI, 61 g</span> <span> €0,29 </span> €4,75/kg Vanilės skonio ledų ragelis MIO DELIZZI, 61 g <span> KARTU REKOMENDUOJAME</span> <span> </span> <span> Karamelės sk. grietin. ledai KLASIKA ESKIMO su karamelės įd., 70 ml</span> <span> €0,65 </span> €9,29/l Karamelės sk. grietin. ledai KLASIKA ESKIMO su karamelės įd., 70 ml <span> KARTU REKOMENDUOJAME</span> <span> </span> <span> Vaisiniai ledai JOCKER (citrinų, aviečių, juodųjų serbentų), 80 g</span> <span> €0,69 </span> €8,63/kg Vaisiniai ledai JOCKER (citrinų, aviečių, juodųjų serbentų), 80 g <span> KARTU REKOMENDUOJAME</span> <span> </span> <span> Krembriulė sk. griet. ledai SUPER VIVA su karam.įd. ir rieš., 104 g</span> <span> €1,39 </span> €13,37/kg Krembriulė sk. griet. ledai SUPER VIVA su karam.įd. ir rieš., 104 g <span> KARTU REKOMENDUOJAME</span> <span> </span> <span> Vanilinis plombyras NYKŠTUKAS vafliniame puodelyje, 130 ml</span> <span> €0,69 </span> €5,31/l Vanilinis plombyras NYKŠTUKAS vafliniame puodelyje, 130 ml <span> KARTU REKOMENDUOJAME</span> <span> </span> <span> Vanilės skonio valgomieji ledai ETALON, 90 g</span> <span> €0,57 </span> €6,33/kg Vanilės skonio valgomieji ledai ETALON, 90 g <span> KARTU REKOMENDUOJAME</span> <span> </span> <span> Obuolių ir vyšnių skonio šerbetas DADU, 120 ml</span> <span> €0,69 </span> €5,75/l Obuolių ir vyšnių skonio šerbetas DADU, 120 ml <span> KARTU REKOMENDUOJAME</span> <span> </span> <span> Šokolado skonio ledų ragelis MIO DELIZZI, 61 g</span> <span> €0,29 </span> €4,75/kg Šokolado skonio ledų ragelis MIO DELIZZI, 61 g <span> KARTU REKOMENDUOJAME</span> <span> </span> <span> Vanilinis plombyras KLASIKA VANILLA, 120 ml</span> <span> €0,65 </span> €5,42/l Vanilinis plombyras KLASIKA VANILLA, 120 ml <span> KARTU REKOMENDUOJAME</span> <span> </span> <span> Citrininiai grietininiai ledai POLS su citrinų sk. glaistu, 120 ml</span> €0,85 <span> €0,47 </span> €3,91/l <span> -45%</span> Citrininiai grietininiai ledai POLS su citrinų sk. glaistu, 120 ml <span> KARTU REKOMENDUOJAME</span> <span> </span> <span> Glaistyti karamel. valgomieji ledai DADU su karam. gl.ir įd., 65 g</span> <span> €0,69 </span> €10,62/kg Glaistyti karamel. valgomieji ledai DADU su karam. gl.ir įd., 65 g <span> KARTU REKOMENDUOJAME</span> <span> </span> 1 2 3 Prekės Mano prekės Akcijos Eko ir ūkis Naujienos Receptai<br>
						
<iframe width="615 height="315" src="https://www.youtube.com/embed/p01-LwkNFfQ" frameborder="0" allow="accelerometer; autoplay; encrypted-media; gyroscope; picture-in-picture" allowfullscreen></iframe><br>	
</p>

<div class="float-left">
<ul>
<li><a href="index.html">ledai - išsamiai DELFI.lt</a></li>
<li><a href="1.html">Ledai - parduotuve.ciamarket.lt</a><br></li>
<li><a href="2.html">Dadu – Ice cream from natural milk</a><br></li>
<li><a href="3.html">Ledai - Intermarket</a><br></li>
<li><a href="4.html">Ledai | La Maistas</a><br></li>
<li><a href="5.html">Desertai: Ledai - 1000receptų.lt</a><br></li>
<li><a href="6.html">Ledai - Vaida Kurpienė</a><br></li>
<li><a href="7.html">Ledai - Sraigė ir Varlė</a><br></li>
<li><a href="8.html">Naminiai ledai – 10 paprastų receptų – Gimtadienio mugė</a><br></li>
<li><a href="9.html">DIONE ledai Klaipėdos pienas AB - Pricer.lt</a><br></li>
</ul>
</div>

<div class="float-left" id="dAcfFz6G">

</div>

<div class="clear" id="3x5L27y5lX"></div>

<hr>
<h2 id="iKdA55tXR"><ul>
<li><a href="index.html">ledai - išsamiai DELFI.lt</a><br> Pradžia / Ledai Mango ledai su kokoso pienu ir šokoladu Vaida Kurpienė 2020-09-17T11:04:50+03:00 2020-07-01 | Kategorijos: Desertai , Ledai , Sveiki receptai | Žymos: kokosų pienas , Mango , vaisiai |</li>
<li><a href="1.html">Ledai - parduotuve.ciamarket.lt</a><br> Irvyda 2020-09-26T09:51:21+03:00 2019-06-27 | Kategorijos: Desertai, Ledai, Sveiki receptai | Žymos: Arbūzas | 0 komentarų Pasidalinkite! Facebook LinkedIn Pinterest El. pašto adresas</li>
<li><a href="2.html">Dadu – Ice cream from natural milk</a><br> Ledai MAGNUM WHITE su baltojo šokolado ir sausainių įdaru, 300 g. €5,49. €3,84 €12,80/kg-30%. Ledai MAGNUM WHITE su baltojo šokolado ir sausainių įdaru, 300 g. KARTU REKOMENDUOJAME. Vanil. plombyras BALTOJI VARNELĖ su karamele ir sausainiais, 550 g. €5,99. €3,59</li>
<li><a href="3.html">Ledai - Intermarket</a><br> BALTOJI VARNELĖ Ledai vaikams ir Ateiviams Vanilinis plombyras su zefyriukais ir sproginėjančiais saldainiais 120ml 12.42€ už 1 litrą Kaina 1,49 € Į krepšelį</li>
<li><a href="4.html">Ledai | La Maistas</a><br> Ledai vafliniuose puodeliuose - vieni populiariausių valgomųjų ledų Lietuvoje bei kitose Pabaltijo valstybėse. Tai vaflinis indelis, užpildytas įvairių skonių ledų mase. Gali būti su įdaru (pavyzdžiui braškių uogienės), glaistu (pavyzdžiui šokolado) bei kitokiais priedais (riešutais, šokolado drožlėmis ir pan.). Mūsų asortimente rasite įvairiausių skonių ledų ...</li>
<li><a href="5.html">Desertai: Ledai - 1000receptų.lt</a><br> Ledai DIONE kavos skonio šokoladiniai 100ml. 1.05€ Ledai JUNGA mėlynių ir citrinų skonio 75 ml. 0.56€ Ledai LIONDELUX su vyšnių įdaru 130ml. 1.17€ Ledai Popcorn caramel Baltoji varnelė 950 g. 6.89€ Ledai vanilės skonio BONUS 120ml. 0.35€ Kaip pirkti? ...</li>
<li><a href="6.html">Ledai - Vaida Kurpienė</a><br> Ledai. 1 - 3 iš 3 Džersių pieno šokoladiniai ledai Minioti, be pridėtinio cukraus, 125 ml ...</li>
<li><a href="7.html">Ledai - Sraigė ir Varlė</a><br> Ledai – iš pieno produktų (pieno, grietinės, grietinėlės) pagamintas ir sušaldytas saldus desertas. Ledais vadinami ir šaldytų sulčių desertai.</li>
<li><a href="8.html">Naminiai ledai – 10 paprastų receptų – Gimtadienio mugė</a><br> Sveiki mango ledai iš dviejų ingredientų Greiti grietinėlės ir kondensuoto pieno ledai Sveikuoliški kivių ledai Gaivūs naminiai braškiniai-jogurtiniai ledai be cukraus Greiti bananų ir abrikosų ledai Naminiai karameliniai ledai - tik 2 ingredientai! ...</li>
<li><a href="9.html">DIONE ledai Klaipėdos pienas AB - Pricer.lt</a><br> Naminiai ledai – dalykas šaunus, man labai patinka, kad bent dalį amžino vaikų ledų troškulio galiu numalšinti sveikesniu namuose ruoštu desertu, į kurį tikrai žinau ko, kaip ir kiek įdėjau. O kadangi vasara jau siunčia saulėtus pažadus, ledų sezonas įsibėgėja – pats metas į vieną būrį surinkti naminių ledų receptus.</li>
</ul></h2>
<hr>
<img src="img/08d33316549ac8767827b844eaa3a1c4.jpg" width="50%" class="thumb_medium" id="frEPcWiceofXt"/>
<img src="img/6ef1cbae0922907ae87926876911c85d.jpg" width="50%" class="thumb_medium" id="IYVSAhal7CvI"/>
<img src="img/0636f6dacc68cf4d6e5eab2b21136229.jpg" width="50%" class="thumb_medium" id="fheBQAslc"/>

</section>
<aside class="col-right">
	<div class="box">

		<h2 id="tHTgF7rcqO5hr">Social</h2>
		<div class="font-awesome">
			<a href="#"><i class="fa fa-facebook-square fa-2x" aria-hidden="true"></i></a>
			<a href="#"><i class="fa fa-twitter-square fa-2x" aria-hidden="true"></i></a>
			<a href="#"><i class="fa fa-pinterest-square fa-2x" aria-hidden="true"></i></a>
			<a href="#"><i class="fa fa-google-plus-square fa-2x" aria-hidden="true"></i></a>
			<a href="#"><i class="fa fa-linkedin-square fa-2x" aria-hidden="true"></i></a>
			<a href="#"><i class="fa fa-tumblr-square  fa-2x" aria-hidden="true"></i></a>
		</div>
		<hr>
		<div class="font-awesome" id="KtpL3mc">
			<a href="#"><i class="fa fa-cc-mastercard fa-2x" aria-hidden="true"></i></a>
			<a href="#"><i class="fa fa-cc-visa fa-2x" aria-hidden="true"></i></a>
			<a href="#"><i class="fa fa-cc-discover fa-2x" aria-hidden="true"></i></a>
			<a href="#"><i class="fa fa-cc-paypal fa-2x" aria-hidden="true"></i></a>
		</div>
	</div>
</aside>
</div>
<footer>
<div class="ftop" id="24AYdBDL6duh">
Copyright &copy; 2020 - All rights reserved.
<br>
	
</div></div>
<div class="fbottom">
</div>
</footer>
</body>
</html>