<!DOCTYPE html PUBLIC "-//W3C//DTD XHTML 1.0 Strict//EN" "http://www.w3.org/TR/xhtml1/DTD/xhtml1-strict.dtd">

<!doctype html>
<html>
<head>
	<title>Ledai dėžutėse ir indeliuose | ledai</title>
	<meta charset="utf-8">
<meta name="description" content="Ledai dėžutėse ir indeliuose" />
<meta name="keywords" content="Ledai dėžutėse ir indeliuose" />
	<meta name="author" content="codetomake.com">
	<link type="text/css" rel="stylesheet" href="css/style.css">
	<link rel="stylesheet" href="css/font-awesome-4.7.0/css/font-awesome.min.css">
	
	
</head>
<body  id="1azWtRYAiS4MvX">
<header class="header"  id="inDknGyN7neyX7Q">
<div class="top"  id="NpcJ2fVf5">

<div class="social">
	<a href="#"><i class="fa fa-facebook-square fa-2x" aria-hidden="true" id="Y7pJrMVFUCm"></i></a>
	<a href="#"><i class="fa fa-twitter-square fa-2x" aria-hidden="true" id="otKrA4kALFnS"></i></a>
	<a href="#"><i class="fa fa-pinterest-square fa-2x" aria-hidden="true" id="5oiVL6e"></i></a>
	<a href="#"><i class="fa fa-google-plus-square fa-2x" aria-hidden="true" id="W4PJmVv"></i></a>
	<a href="#"><i class="fa fa-linkedin-square fa-2x" aria-hidden="true" id="JxI1eWqZhDF"></i></a>
</div>

<div class="search"  id="1H63oN5NL">
<form method="post"  id="cM6DWtqY2OiCX">
<input type="text" name="keyword" placeholder="Search...">
<input type="submit" value="search">
</form>
</div>

</div>
<div class="head" id="zHx6G7z">
<a href="#" class="logo" alt="codetomake.com" title="codetomake.com">
<em>Codetomake.com</em>
</a>

<img src="img/banner-468-60.jpg" width="468" height="60" alt="codetomake.com" title="codetomake.com">

</div>
<nav id="XRQAGPGk">
	<ul>
		<li id="wmuOO3OqtZU3"><a href="index.html" class="active">Home</a></li>
		<li id="RK6EdTeOaTaYX"><a href="#">Portfolio</a></li>
		<li id="2tnk5hnwYl"><a href="#">Articles</a></li>
		<li id="mWQll5hUlOiR4"><a href="terms.html">Terms and Conditions</a></li>
		<li id="QKIT1UYS7cNQc"><a href="photo.html">Photo gallery</a></li>
		<li id="HUtTOCA"><a href="contact.html">Contacts</a></li>
		<li id="pXAzPvbtzalAAfX"><a href="privacy-policy.html">Privacy policy</a></li>
	</ul>
</nav>
</header>

<section class="slider">
<div class="inner" id="zCuAlizkdeBclz">
<img src="img/slider1.jpg" width="960" height="171">
</div>
</section>

<div class="main" id="MXEOwIP4aQVY">
<section class="col-main">
<h1 id="Upz1t5npj">Ledai dėžutėse ir indeliuose</h1> 2020.10.29 08:57

<p>

				<center><img src="img/56d1cef679281178ac2ee3a78158169e.jpg" width="50%"   id="HSxlPWR6Nnc"></center><br><br><span> Informuojame, kad šioje svetainėje yra naudojami slapukai (angl. cookies). Toliau naršydami svetainėje arba paspausdami mygtuką Sutinku Jūs sutinkate su slapukų naudojimu. Savo duotą sutikimą bet kada galėsite atšaukti pakeisdami savo interneto naršyklės nustatymus ir ištrindami įrašytus slapukus. Daugiau informacijos apie slapukus galite rasti čia . </span> Sutinku Keisti apskritį <span> Parsisiųskite</span> Lietuvių English Русский Registruotis Prisijungti Prisijungti Registruotis <p> Sveiki, ačiū, kad vėl pas mus užsukote!</p> <p> Caps Lock yra įjungtas<p> (8 5) 230 9309 Prekės Mano prekės Akcijos Eko ir ūkis Naujienos Receptai Daržovės ir vaisiai Pieno gaminiai ir kiaušiniai Duonos gaminiai ir konditerija Mėsa, žuvys ir kulinarija Bakalėja Šaldytas maistas Gėrimai Kūdikių ir vaikų prekės Kosmetika ir higiena Švaros ir gyvūnų prekės Namai ir laisvalaikis <span> Pagrindinis puslapis </span> <span> Šaldytas maistas </span> <span> Ledai ir ledo kubeliai </span> <span> Ledai dėžutėse ir indeliuose </span> (8 5) 230 9309 Kasdien nuo 8 iki 21 val. El. p.: pagalba@barbora.lt Ledai ir ledo kubeliai <span> 211</span> Ledai dėžutėse ir indeliuose <span> 77</span> 1 2 Filtruoti Rūšiuoti pagal: Abėcėlę (A-Ž) Abėcėlę (Ž-A) Kainą (didėj.) Kainą (mažėj.) Be Akcijos Akcijines kainas <span> Glaistytas vanilinis plombyras NYKŠTUKAS su migdolais, 320 ml</span> <span> €1,95 </span> €6,09/l Glaistytas vanilinis plombyras NYKŠTUKAS su migdolais, 320 ml <span> KARTU REKOMENDUOJAME</span> <span> </span> <span> Glaistytas vanilinis plombyras NYKŠTUKAS, 320 ml</span> <span> €1,95 </span> €6,09/l Glaistytas vanilinis plombyras NYKŠTUKAS, 320 ml <span> KARTU REKOMENDUOJAME</span> <span> </span> <span> Įvairių skonių ledų rageliai MIO DELIZZI, 720 ml</span> <span> €1,69 </span> €2,35/l Įvairių skonių ledų rageliai MIO DELIZZI, 720 ml <span> KARTU REKOMENDUOJAME</span> <span> </span> <span> Ledų batonėliai SNICKERS, 288 g</span> <span> €3,89 </span> €13,51/kg Ledų batonėliai SNICKERS, 288 g <span> KARTU REKOMENDUOJAME</span> <span> </span> <span> Vanilės skonio plombyras DADU, 800 ml</span> <span> €4,49 </span> €5,61/l Vanilės skonio plombyras DADU, 800 ml <span> KARTU REKOMENDUOJAME</span> <span> </span> <span> Pistacijų ledai DIONE, 400 g</span> <span> €7,29 </span> €18,23/kg Pistacijų ledai DIONE, 400 g <span> KARTU REKOMENDUOJAME</span> <span> </span> <span> Vanilinis plombyras DADU NR.1, 720 ml</span> <span> €2,76 </span> €3,83/l Vanilinis plombyras DADU NR.1, 720 ml <span> KARTU REKOMENDUOJAME</span> <span> </span> <span> Graikiško stiliaus jogurtiniai ledai MELTEZ ROYALLER, 460 ml</span> <span> €1,99 </span> €4,33/l Graikiško stiliaus jogurtiniai ledai MELTEZ ROYALLER, 460 ml <span> KARTU REKOMENDUOJAME</span> <span> </span> <span> Valgomieji vaniliniai ledai MILKA, 141 g</span> <span> €3,79 </span> €26,88/kg Valgomieji vaniliniai ledai MILKA, 141 g <span> KARTU REKOMENDUOJAME</span> <span> </span> <span> Avižiniai ledai OAT SIDE THE BOX su mangais, 500 ml</span> <span> €4,99 </span> €9,98/l Avižiniai ledai OAT SIDE THE BOX su mangais, 500 ml <span> KARTU REKOMENDUOJAME</span> <span> </span> <span> Vaniliniai ledai MELTEZ ROYALLER su karamele ir migdolais, 505 g</span> <span> €2,61 </span> €5,17/kg Vaniliniai ledai MELTEZ ROYALLER su karamele ir migdolais, 505 g <span> KARTU REKOMENDUOJAME</span> <span> </span> <span> Griet. ledai PASAKA su pistacijomis ir migdolų gabaliukais, 430 ml</span> <span> €4,99 </span> €11,60/l Griet. ledai PASAKA su pistacijomis ir migdolų gabaliukais, 430 ml <span> KARTU REKOMENDUOJAME</span> <span> </span> <span> Avižiniai ledai OAT SIDE THE BOX (pinakolados skonio), 500 ml</span> <span> €4,99 </span> €9,98/l Avižiniai ledai OAT SIDE THE BOX (pinakolados skonio), 500 ml <span> KARTU REKOMENDUOJAME</span> <span> </span> <span> Miško uogų ir grietinėlės skonio ledai MELTEZ ROYALLER, 505 g</span> <span> €2,61 </span> €5,17/kg Miško uogų ir grietinėlės skonio ledai MELTEZ ROYALLER, 505 g <span> KARTU REKOMENDUOJAME</span> <span> </span> <span> Glaistyti belgišku šokoladu ledai PASAKA, 430 ml</span> <span> €4,49 </span> €10,44/l Glaistyti belgišku šokoladu ledai PASAKA, 430 ml <span> KARTU REKOMENDUOJAME</span> <span> </span> <span> Šokolad. vaniliniai ledai BEN&amp;JERRY S su šokol.pyrago mase, 406 g</span> €6,99 <span> €5,24 </span> €12,91/kg <span> -25%</span> Šokolad. vaniliniai ledai BEN&amp;JERRY S su šokol.pyrago mase, 406 g <span> KARTU REKOMENDUOJAME</span> <span> </span> <span> Karamelės skonio ledai DADU su karamelės įdaru ir migdolais, 800 ml</span> <span> €4,49 </span> €5,61/l Karamelės skonio ledai DADU su karamelės įdaru ir migdolais, 800 ml <span> KARTU REKOMENDUOJAME</span> <span> </span> <span> Grietininiai ledai su HAAGEN DAZS sūdyta karamele, 400 g</span> <span> €7,49 </span> €18,73/kg Grietininiai ledai su HAAGEN DAZS sūdyta karamele, 400 g <span> KARTU REKOMENDUOJAME</span> <span> </span> <span> Karamelizuotų spragėsių skonio ledai BALTOJI VARNELĖ, 550 g</span> €5,99 <span> €3,59 </span> €6,53/kg Karamelizuotų spragėsių skonio ledai BALTOJI VARNELĖ, 550 g <span> KARTU REKOMENDUOJAME</span> <span> </span> <span> Pistacijų ir migdolų skonio ledai VALSOIA be laktozės, 800 ml</span> <span> €4,99 </span> €6,24/l Pistacijų ir migdolų skonio ledai VALSOIA be laktozės, 800 ml <span> KARTU REKOMENDUOJAME</span> <span> </span> <span> Ledų tortas AFTER EIGHT NESTLE, 370 g</span> <span> €2,79 </span> €7,54/kg Ledų tortas AFTER EIGHT NESTLE, 370 g <span> KARTU REKOMENDUOJAME</span> <span> </span> <span> Grietininiai ledai PASAKA su figų ir granolos įdaru, 430 ml</span> <span> €3,99 </span> €9,28/l Grietininiai ledai PASAKA su figų ir granolos įdaru, 430 ml <span> KARTU REKOMENDUOJAME</span> <span> </span> <span> Kramtomosios gumos skonio ledai BALTOJI VARNELĖ su zefyriuk., 510 g</span> €5,99 <span> €3,59 </span> €7,04/kg Kramtomosios gumos skonio ledai BALTOJI VARNELĖ su zefyriuk., 510 g <span> KARTU REKOMENDUOJAME</span> <span> </span> <span> Vanil.ledai BEN&amp;JERRY S be pieno produktų,su riešutų sviestu, 399 g</span> €6,99 <span> €5,24 </span> €13,13/kg <span> -25%</span> Vanil.ledai BEN&amp;JERRY S be pieno produktų,su riešutų sviestu, 399 g <span> KARTU REKOMENDUOJAME</span> <span> </span> <span> Ledai MAGNUM WHITE su baltojo šokolado ir sausainių įdaru, 300 g</span> €5,49 <span> €3,84 </span> €12,80/kg <span> -30%</span> Ledai MAGNUM WHITE su baltojo šokolado ir sausainių įdaru, 300 g <span> KARTU REKOMENDUOJAME</span> <span> </span> <span> Vanil. plombyras BALTOJI VARNELĖ su karamele ir sausainiais, 550 g</span> €5,99 <span> €3,59 </span> €6,53/kg Vanil. plombyras BALTOJI VARNELĖ su karamele ir sausainiais, 550 g <span> KARTU REKOMENDUOJAME</span> <span> </span> <span> Kakavos skonio valgomieji ledai VALSOIA be laktozės, 1000 ml</span> <span> €4,99 </span> €4,99/l Kakavos skonio valgomieji ledai VALSOIA be laktozės, 1000 ml <span> KARTU REKOMENDUOJAME</span> <span> </span> <span> Karameliniai ledai su sūrios karamelės padažu EKSELENCE, 250 g</span> <span> €5,49 </span> €21,96/kg Karameliniai ledai su sūrios karamelės padažu EKSELENCE, 250 g <span> KARTU REKOMENDUOJAME</span> <span> </span> <span> Avižiniai ledai OAT SIDE THE BOX su kakava, 500 ml</span> <span> €4,99 </span> €9,98/l Avižiniai ledai OAT SIDE THE BOX su kakava, 500 ml <span> KARTU REKOMENDUOJAME</span> <span> </span> <span> Morengų skonio ledai SCHOLLER su avietiniu padažu, 571 g</span> <span> €5,99 </span> €10,49/kg Morengų skonio ledai SCHOLLER su avietiniu padažu, 571 g <span> KARTU REKOMENDUOJAME</span> <span> </span> <span> Kokosų ir pasifloros skonio valgomieji ledai CHOICE, 83 g</span> <span> €4,49 </span> €54,10/kg Kokosų ir pasifloros skonio valgomieji ledai CHOICE, 83 g <span> KARTU REKOMENDUOJAME</span> <span> </span> <span> Migdolų skonio ledai SCHOLLER su irisiniu įdaru, 591 g</span> <span> €5,99 </span> €10,14/kg Migdolų skonio ledai SCHOLLER su irisiniu įdaru, 591 g <span> KARTU REKOMENDUOJAME</span> <span> </span> <span> Braškių ir sūrio pyrago skonio ledai HAAGEN DAZS, 400 g</span> <span> €7,49 </span> €18,73/kg Braškių ir sūrio pyrago skonio ledai HAAGEN DAZS, 400 g <span> KARTU REKOMENDUOJAME</span> <span> </span> <span> Vaniliniai ledai MAGNUM BOMBONIERA su šokolado glaistu, 140 ml</span> €3,99 <span> €2,79 </span> €19,93/l <span> -30%</span> Vaniliniai ledai MAGNUM BOMBONIERA su šokolado glaistu, 140 ml <span> KARTU REKOMENDUOJAME</span> <span> </span> <span> Mėlynių ir levandų skonio ledai su mėlynių padažu EKSELENCE, 250 g</span> <span> €5,49 </span> €21,96/kg Mėlynių ir levandų skonio ledai su mėlynių padažu EKSELENCE, 250 g <span> KARTU REKOMENDUOJAME</span> <span> </span> <span> Kokosų sk. ledai BEN&amp;JERRY S su karamele, be pieno produktų, 416 g</span> €7,99 <span> €5,99 </span> €14,40/kg <span> -25%</span> Kokosų sk. ledai BEN&amp;JERRY S su karamele, be pieno produktų, 416 g <span> KARTU REKOMENDUOJAME</span> <span> </span> <span> Grietininiai ledai HAAGEN DAZS su makadamijomis, 400 g</span> <span> €7,49 </span> €18,73/kg Grietininiai ledai HAAGEN DAZS su makadamijomis, 400 g <span> KARTU REKOMENDUOJAME</span> <span> </span> <span> Sūrio DŽIUGAS ledai DIONE su spanguolėmis, 400 g</span> <span> €6,99 </span> €17,48/kg Sūrio DŽIUGAS ledai DIONE su spanguolėmis, 400 g <span> KARTU REKOMENDUOJAME</span> <span> </span> <span> Grietinėlės ir šokolado skonio ledai MELTEZ ROYALLER, 480 g</span> <span> €2,61 </span> €5,44/kg Grietinėlės ir šokolado skonio ledai MELTEZ ROYALLER, 480 g <span> KARTU REKOMENDUOJAME</span> <span> </span> <span> Vafliniai ledų rageliai SALSO, 110 g</span> <span> €0,99 </span> €9,00/kg Vafliniai ledų rageliai SALSO, 110 g <span> KARTU REKOMENDUOJAME</span> <span> </span> <span> Vafliniai ledų rageliai LORETTO, 90 g</span> <span> €0,81 </span> €9,00/kg Vafliniai ledų rageliai LORETTO, 90 g <span> KARTU REKOMENDUOJAME</span> <span> </span> <span> Pieniški levandinų kv. ledai, 300 g</span> <span> €4,59 </span> €15,30/kg Pieniški levandinų kv. ledai, 300 g <span> KARTU REKOMENDUOJAME</span> <span> </span> <span> Braškių sorbetas su imbierų sultimis, 300 g</span> <span> €4,59 </span> €15,30/kg Braškių sorbetas su imbierų sultimis, 300 g <span> KARTU REKOMENDUOJAME</span> <span> </span> <span> Mėlynių sorbetas, 300 g</span> <span> €4,59 </span> €15,30/kg Mėlynių sorbetas, 300 g <span> KARTU REKOMENDUOJAME</span> <span> </span> <span> Grietininiai vaniliniai ledai ir mangų sorbetas PREMIA, 500 ml</span> <span> €3,49 </span> €6,98/l Grietininiai vaniliniai ledai ir mangų sorbetas PREMIA, 500 ml <span> KARTU REKOMENDUOJAME</span> <span> </span> <span> Aviečių sorbetas MELTEZ, 390 g</span> <span> €1,75 </span> €4,49/kg Aviečių sorbetas MELTEZ, 390 g <span> KARTU REKOMENDUOJAME</span> <span> </span> <span> Triufelių sk. vanil. ledai AURUM su šokoladinio pyrago gab., 800 ml</span> <span> €4,59 </span> €5,74/l Triufelių sk. vanil. ledai AURUM su šokoladinio pyrago gab., 800 ml <span> KARTU REKOMENDUOJAME</span> <span> </span> <span> Kokosų skonio valgomieji VALSOIA ledai su šokolado glajumi, 320 ml</span> <span> €4,99 </span> €15,59/l Kokosų skonio valgomieji VALSOIA ledai su šokolado glajumi, 320 ml <span> KARTU REKOMENDUOJAME</span> <span> </span> <span> Įvairių skonių valgomieji glaistyti ledai MAGNUM, 6 porcijos, 266 g</span> €5,49 <span> €3,84 </span> €14,44/kg <span> -30%</span> Įvairių skonių valgomieji glaistyti ledai MAGNUM, 6 porcijos, 266 g <span> KARTU REKOMENDUOJAME</span> <span> </span> <span> Vyšnių skonio valgomieji VALSOIA ledai be laktozės, 1000 ml</span> <span> €4,99 </span> €4,99/l Vyšnių skonio valgomieji VALSOIA ledai be laktozės, 1000 ml <span> KARTU REKOMENDUOJAME</span> <span> </span> <span> Vanil.valg.ledai MAGNUM ALMOND MINI su pien. šokolado gl., 276 g</span> €5,49 <span> €3,84 </span> €13,91/kg <span> -30%</span> Vanil.valg.ledai MAGNUM ALMOND MINI su pien. šokolado gl., 276 g <span> KARTU REKOMENDUOJAME</span> <span> </span> <span> KARALIŠKI karameliniai ledai su karam. įdaru ir riešutais, 1000 ml</span> <span> €4,99 </span> €4,99/l KARALIŠKI karameliniai ledai su karam. įdaru ir riešutais, 1000 ml <span> KARTU REKOMENDUOJAME</span> <span> </span> 1 2 Prekės Mano prekės Akcijos Eko ir ūkis Naujienos Receptai<br>
						
<iframe width="615 height="315" src="https://www.youtube.com/embed/4d8Sry90tDg" frameborder="0" allow="accelerometer; autoplay; encrypted-media; gyroscope; picture-in-picture" allowfullscreen></iframe><br>	
</p>

<div class="float-left">
<ul>
<li><a href="index.html">ledai - išsamiai DELFI.lt</a></li>
<li><a href="1.html">Ledai - parduotuve.ciamarket.lt</a><br></li>
<li><a href="2.html">Dadu – Ice cream from natural milk</a><br></li>
<li><a href="3.html">Ledai - Intermarket</a><br></li>
<li><a href="4.html">Ledai | La Maistas</a><br></li>
<li><a href="5.html">Desertai: Ledai - 1000receptų.lt</a><br></li>
<li><a href="6.html">Ledai - Vaida Kurpienė</a><br></li>
<li><a href="7.html">Ledai - Sraigė ir Varlė</a><br></li>
<li><a href="8.html">Naminiai ledai – 10 paprastų receptų – Gimtadienio mugė</a><br></li>
<li><a href="9.html">DIONE ledai Klaipėdos pienas AB - Pricer.lt</a><br></li>
</ul>
</div>

<div class="float-left" id="o6dPxpnFONW">

</div>

<div class="clear" id="aMDvEDQ"></div>

<hr>
<h2 id="fsT4sJ7JeJD"><ul>
<li><a href="index.html">ledai - išsamiai DELFI.lt</a><br> Pradžia / Ledai Mango ledai su kokoso pienu ir šokoladu Vaida Kurpienė 2020-09-17T11:04:50+03:00 2020-07-01 | Kategorijos: Desertai , Ledai , Sveiki receptai | Žymos: kokosų pienas , Mango , vaisiai |</li>
<li><a href="1.html">Ledai - parduotuve.ciamarket.lt</a><br> Irvyda 2020-09-26T09:51:21+03:00 2019-06-27 | Kategorijos: Desertai, Ledai, Sveiki receptai | Žymos: Arbūzas | 0 komentarų Pasidalinkite! Facebook LinkedIn Pinterest El. pašto adresas</li>
<li><a href="2.html">Dadu – Ice cream from natural milk</a><br> Ledai MAGNUM WHITE su baltojo šokolado ir sausainių įdaru, 300 g. €5,49. €3,84 €12,80/kg-30%. Ledai MAGNUM WHITE su baltojo šokolado ir sausainių įdaru, 300 g. KARTU REKOMENDUOJAME. Vanil. plombyras BALTOJI VARNELĖ su karamele ir sausainiais, 550 g. €5,99. €3,59</li>
<li><a href="3.html">Ledai - Intermarket</a><br> BALTOJI VARNELĖ Ledai vaikams ir Ateiviams Vanilinis plombyras su zefyriukais ir sproginėjančiais saldainiais 120ml 12.42€ už 1 litrą Kaina 1,49 € Į krepšelį</li>
<li><a href="4.html">Ledai | La Maistas</a><br> Ledai vafliniuose puodeliuose - vieni populiariausių valgomųjų ledų Lietuvoje bei kitose Pabaltijo valstybėse. Tai vaflinis indelis, užpildytas įvairių skonių ledų mase. Gali būti su įdaru (pavyzdžiui braškių uogienės), glaistu (pavyzdžiui šokolado) bei kitokiais priedais (riešutais, šokolado drožlėmis ir pan.). Mūsų asortimente rasite įvairiausių skonių ledų ...</li>
<li><a href="5.html">Desertai: Ledai - 1000receptų.lt</a><br> Ledai DIONE kavos skonio šokoladiniai 100ml. 1.05€ Ledai JUNGA mėlynių ir citrinų skonio 75 ml. 0.56€ Ledai LIONDELUX su vyšnių įdaru 130ml. 1.17€ Ledai Popcorn caramel Baltoji varnelė 950 g. 6.89€ Ledai vanilės skonio BONUS 120ml. 0.35€ Kaip pirkti? ...</li>
<li><a href="6.html">Ledai - Vaida Kurpienė</a><br> Ledai. 1 - 3 iš 3 Džersių pieno šokoladiniai ledai Minioti, be pridėtinio cukraus, 125 ml ...</li>
<li><a href="7.html">Ledai - Sraigė ir Varlė</a><br> Ledai – iš pieno produktų (pieno, grietinės, grietinėlės) pagamintas ir sušaldytas saldus desertas. Ledais vadinami ir šaldytų sulčių desertai.</li>
<li><a href="8.html">Naminiai ledai – 10 paprastų receptų – Gimtadienio mugė</a><br> Sveiki mango ledai iš dviejų ingredientų Greiti grietinėlės ir kondensuoto pieno ledai Sveikuoliški kivių ledai Gaivūs naminiai braškiniai-jogurtiniai ledai be cukraus Greiti bananų ir abrikosų ledai Naminiai karameliniai ledai - tik 2 ingredientai! ...</li>
<li><a href="9.html">DIONE ledai Klaipėdos pienas AB - Pricer.lt</a><br> Naminiai ledai – dalykas šaunus, man labai patinka, kad bent dalį amžino vaikų ledų troškulio galiu numalšinti sveikesniu namuose ruoštu desertu, į kurį tikrai žinau ko, kaip ir kiek įdėjau. O kadangi vasara jau siunčia saulėtus pažadus, ledų sezonas įsibėgėja – pats metas į vieną būrį surinkti naminių ledų receptus.</li>
</ul></h2>
<hr>
<img src="img/b891be3d5eb1ac6b3679cfe8538fa1e2.jpg" width="50%" class="thumb_medium" id="zyiwcBf5AJFCHow"/>
<img src="img/6b1414c737775c3068f0aad8abade886.jpg" width="50%" class="thumb_medium" id="rMxY2vEnj"/>
<img src="img/49e36749a29fb83a83406d43ef7fa3d6.jpg" width="50%" class="thumb_medium" id="4GfCFEBidro7"/>

</section>
<aside class="col-right">
	<div class="box">

		<h2 id="OGpZfBdM1LcsO">Social</h2>
		<div class="font-awesome">
			<a href="#"><i class="fa fa-facebook-square fa-2x" aria-hidden="true"></i></a>
			<a href="#"><i class="fa fa-twitter-square fa-2x" aria-hidden="true"></i></a>
			<a href="#"><i class="fa fa-pinterest-square fa-2x" aria-hidden="true"></i></a>
			<a href="#"><i class="fa fa-google-plus-square fa-2x" aria-hidden="true"></i></a>
			<a href="#"><i class="fa fa-linkedin-square fa-2x" aria-hidden="true"></i></a>
			<a href="#"><i class="fa fa-tumblr-square  fa-2x" aria-hidden="true"></i></a>
		</div>
		<hr>
		<div class="font-awesome" id="zGEuvqcDwjn">
			<a href="#"><i class="fa fa-cc-mastercard fa-2x" aria-hidden="true"></i></a>
			<a href="#"><i class="fa fa-cc-visa fa-2x" aria-hidden="true"></i></a>
			<a href="#"><i class="fa fa-cc-discover fa-2x" aria-hidden="true"></i></a>
			<a href="#"><i class="fa fa-cc-paypal fa-2x" aria-hidden="true"></i></a>
		</div>
	</div>
</aside>
</div>
<footer>
<div class="ftop" id="FDrmg7S">
Copyright &copy; 2020 - All rights reserved.
<br>
	
</div></div>
<div class="fbottom">
</div>
</footer>
</body>
</html>